@article{Epigrams,
 author = {Perlis, Alan J.},
 title = {Special Feature: Epigrams on Programming},
 journal = {SIGPLAN Not.},
 issue_date = {September 1982},
 volume = {17},
 number = {9},
 month = sep,
 year = {1982},
 issn = {0362-1340},
 pages = {7--13},
 numpages = {7},
 url = {http://doi.acm.org/10.1145/947955.1083808},
 doi = {10.1145/947955.1083808},
 acmid = {1083808},
 publisher = {ACM},
 address = {New York, NY, USA},
} 

@article{Merlin,
 author = {Hertz, Matthew and Blackburn, Stephen M. and Moss, J. Eliot B. and McKinley, Kathryn S. and Stefanovi\'{c}, Darko},
 title = {Generating Object Lifetime Traces with Merlin},
 journal = {ACM Trans. Program. Lang. Syst.},
 issue_date = {May 2006},
 volume = {28},
 number = {3},
 month = may,
 year = {2006},
 issn = {0164-0925},
 pages = {476--516},
 numpages = {41},
 url = {http://doi.acm.org/10.1145/1133651.1133654},
 doi = {10.1145/1133651.1133654},
 acmid = {1133654},
 publisher = {ACM},
 address = {New York, NY, USA},
 keywords = {Garbage collection, object lifetime analysis, trace design, trace generation},
} 

@inproceedings{ElephantTracks,
 author = {Ricci, Nathan P. and Guyer, Samuel Z. and Moss, J. Eliot B.},
 title = {Elephant Tracks: Portable Production of Complete and Precise GC Traces},
 booktitle = {Proceedings of the 2013 International Symposium on Memory Management},
 series = {ISMM '13},
 year = {2013},
 isbn = {978-1-4503-2100-6},
 location = {Seattle, Washington, USA},
 pages = {109--118},
 numpages = {10},
 url = {http://doi.acm.org/10.1145/2464157.2466484},
 doi = {10.1145/2464157.2466484},
 acmid = {2466484},
 publisher = {ACM},
 address = {New York, NY, USA},
 keywords = {garbage collection, java, merlin algorithm, traces},
}

@inproceedings{ScalaJava,
 author = {Sewe, Andreas and Mezini, Mira and Sarimbekov, Aibek and Ansaloni, Danilo and Binder, Walter and Ricci, Nathan and Guyer, Samuel Z.},
 title = {New Scala() Instance of Java: A Comparison of the Memory Behaviour of Java and Scala Programs},
 booktitle = {Proceedings of the 2012 International Symposium on Memory Management},
 series = {ISMM '12},
 year = {2012},
 isbn = {978-1-4503-1350-6},
 location = {Beijing, China},
 pages = {97--108},
 numpages = {12},
 url = {http://doi.acm.org/10.1145/2258996.2259010},
 doi = {10.1145/2258996.2259010},
 acmid = {2259010},
 publisher = {ACM},
 address = {New York, NY, USA},
 keywords = {java, object demographics, scala},
}


@inproceedings{Garbology,
 author = {Veroy, Raoul L. and Guyer, Samuel Z.},
 title = {Garbology: A Study of How Java Objects Die},
 booktitle = {Proceedings of the 2017 ACM SIGPLAN International Symposium on New Ideas, New Paradigms, and Reflections on Programming and Software},
 series = {Onward! 2017},
 year = {2017},
 isbn = {978-1-4503-5530-8},
 location = {Vancouver, BC, Canada},
 pages = {168--179},
 numpages = {12},
 url = {http://doi.acm.org/10.1145/3133850.3133854},
 doi = {10.1145/3133850.3133854},
 acmid = {3133854},
 publisher = {ACM},
 address = {New York, NY, USA},
 keywords = {Dynamic analysis, Java, Memory management},
}

@inproceedings{MemInsight,
 author = {Jensen, Simon Holm and Sridharan, Manu and Sen, Koushik and Chandra, Satish},
 title = {MemInsight: Platform-independent Memory Debugging for JavaScript},
 booktitle = {Proceedings of the 2015 10th Joint Meeting on Foundations of Software Engineering},
 series = {ESEC/FSE 2015},
 year = {2015},
 isbn = {978-1-4503-3675-8},
 location = {Bergamo, Italy},
 pages = {345--356},
 numpages = {12},
 url = {http://doi.acm.org/10.1145/2786805.2786860},
 doi = {10.1145/2786805.2786860},
 acmid = {2786860},
 publisher = {ACM},
 address = {New York, NY, USA},
 keywords = {Memory profiling, leak detection},
} 

@inproceedings{JNIF,
 author = {Mastrangelo, Luis and Hauswirth, Matthias},
 title = {JNIF: Java Native Instrumentation Framework},
 booktitle = {Proceedings of the 2014 International Conference on Principles and Practices of Programming on the Java Platform: Virtual Machines, Languages, and Tools},
 series = {PPPJ '14},
 year = {2014},
 isbn = {978-1-4503-2926-2},
 location = {Cracow, Poland},
 pages = {194--199},
 numpages = {6},
 url = {http://doi.acm.org/10.1145/2647508.2647516},
 doi = {10.1145/2647508.2647516},
 acmid = {2647516},
 publisher = {ACM},
 address = {New York, NY, USA},
 keywords = {Java, bytecode instrumentation, program analysis},
}

@article{JikesRVM, 
 author={B. Alpern and S. Augart and S. M. Blackburn and M. Butrico and A. Cocchi and P. Cheng and J. Dolby and S. Fink and D. Grove and M. Hind and K. S. McKinley and M. Mergen and J. E. B. Moss and T. Ngo and V. Sarkar and M. Trapp}, 
 journal={IBM Systems Journal}, 
 title={The Jikes Research Virtual Machine project: Building an open-source research community}, 
 year={2005}, 
 volume={44}, 
 number={2}, 
 pages={399-417}, 
 keywords={},
 url={https://doi.org/10.1147/sj.442.0399},
 doi={10.1147/sj.442.0399}, 
 ISSN={0018-8670}, 
 month={},
}

@book{GCHandbook,
 author = {Jones, Richard and Hosking, Antony and Moss, Eliot},
 title = {The Garbage Collection Handbook: The Art of Automatic Memory Management},
 year = {2011},
 isbn = {1420082795, 9781420082791},
 edition = {1st},
 publisher = {Chapman \& Hall/CRC},
}

@inproceedings{DaCapo,
 author = {Blackburn, Stephen M. and Garner, Robin and Hoffmann, Chris and Khang, Asjad M. and McKinley, Kathryn S. and Bentzur, Rotem and Diwan, Amer and Feinberg, Daniel and Frampton, Daniel and Guyer, Samuel Z. and Hirzel, Martin and Hosking, Antony and Jump, Maria and Lee, Han and Moss, J. Eliot B. and Phansalkar, Aashish and Stefanovi\'{c}, Darko and VanDrunen, Thomas and von Dincklage, Daniel and Wiedermann, Ben},
 title = {The DaCapo Benchmarks: Java Benchmarking Development and Analysis},
 booktitle = {Proceedings of the 21st Annual ACM SIGPLAN Conference on Object-oriented Programming Systems, Languages, and Applications},
 series = {OOPSLA '06},
 year = {2006},
 isbn = {1-59593-348-4},
 location = {Portland, Oregon, USA},
 pages = {169--190},
 numpages = {22},
 url = {http://doi.acm.org/10.1145/1167473.1167488},
 doi = {10.1145/1167473.1167488},
 acmid = {1167488},
 publisher = {ACM},
 address = {New York, NY, USA},
 keywords = {DaCapo, Java, SPEC, benchmark, methodology},
} 

@inproceedings{PrioritizedGC,
 author = {Nunez, Diogenes and Guyer, Samuel Z. and Berger, Emery D.},
 title = {Prioritized Garbage Collection: Explicit GC Support for Software Caches},
 booktitle = {Proceedings of the 2016 ACM SIGPLAN International Conference on Object-Oriented Programming, Systems, Languages, and Applications},
 series = {OOPSLA 2016},
 year = {2016},
 isbn = {978-1-4503-4444-9},
 location = {Amsterdam, Netherlands},
 pages = {695--710},
 numpages = {16},
 url = {http://doi.acm.org/10.1145/2983990.2984028},
 doi = {10.1145/2983990.2984028},
 acmid = {2984028},
 publisher = {ACM},
 address = {New York, NY, USA},
 keywords = {garbage collection, soft references, software caching},
}

@inproceedings{NG2C,
 author = {Bruno, Rodrigo and Oliveira, Lu\'{\i}s Picciochi and Ferreira, Paulo},
 title = {NG2C: Pretenuring Garbage Collection with Dynamic Generations for HotSpot Big Data Applications},
 booktitle = {Proceedings of the 2017 ACM SIGPLAN International Symposium on Memory Management},
 series = {ISMM 2017},
 year = {2017},
 isbn = {978-1-4503-5044-0},
 location = {Barcelona, Spain},
 pages = {2--13},
 numpages = {12},
 url = {http://doi.acm.org/10.1145/3092255.3092272},
 doi = {10.1145/3092255.3092272},
 acmid = {3092272},
 publisher = {ACM},
 address = {New York, NY, USA},
 keywords = {Big Data, Garbage Collection, Latency},
} 

@book{PFDS,
 author = {Okasaki, Chris},
 title = {Purely Functional Data Structures},
 year = {1999},
 isbn = {0521663504},
 publisher = {Cambridge University Press},
 address = {New York, NY, USA},
}

@misc{ElephantTracksPage,
  author = {{RedLine Research Group}},
  title = {Elephant Tracks},
  year = {2014},
  howpublished = {\url{http://www.cs.tufts.edu/research/redline/elephantTracks/}},
  note = {Accessed March 16, 2018}
}

@misc{JVMTI,
  author = {{Oracle Corporation}},
  title = {JVM Tool Interface 1.2.3},
  year = 2013,
  howpublished = {\url{https://docs.oracle.com/javase/8/docs/platform/jvmti/jvmti.html}},
  note = {Accessed March 16, 2018}
}

@article{RegionInference,
 author = {Tofte, Mads and Birkedal, Lars},
 title = {A Region Inference Algorithm},
 journal = {ACM Trans. Program. Lang. Syst.},
 issue_date = {July 1998},
 volume = {20},
 number = {4},
 month = jul,
 year = {1998},
 issn = {0164-0925},
 pages = {724--767},
 numpages = {44},
 url = {http://doi.acm.org/10.1145/291891.291894},
 doi = {10.1145/291891.291894},
 acmid = {291894},
 publisher = {ACM},
 address = {New York, NY, USA},
 keywords = {regions, standard ML},
}

@inproceedings{StackOfRegions,
 author = {Tofte, Mads and Talpin, Jean-Pierre},
 title = {Implementation of the Typed Call-by-value {$\lambda$}-calculus Using a Stack of Regions},
 booktitle = {Proceedings of the 21st ACM SIGPLAN-SIGACT Symposium on Principles of Programming Languages},
 series = {POPL '94},
 year = {1994},
 isbn = {0-89791-636-0},
 location = {Portland, Oregon, USA},
 pages = {188--201},
 numpages = {14},
 url = {http://doi.acm.org/10.1145/174675.177855},
 doi = {10.1145/174675.177855},
 acmid = {177855},
 publisher = {ACM},
 address = {New York, NY, USA},
} 

@inproceedings{Cyclone,
 author = {Grossman, Dan and Morrisett, Greg and Jim, Trevor and Hicks, Michael and Wang, Yanling and Cheney, James},
 title = {Region-based Memory Management in Cyclone},
 booktitle = {Proceedings of the ACM SIGPLAN 2002 Conference on Programming Language Design and Implementation},
 series = {PLDI '02},
 year = {2002},
 isbn = {1-58113-463-0},
 location = {Berlin, Germany},
 pages = {282--293},
 numpages = {12},
 url = {http://doi.acm.org/10.1145/512529.512563},
 doi = {10.1145/512529.512563},
 acmid = {512563},
 publisher = {ACM},
 address = {New York, NY, USA},
} 

@incollection{SubstructuralTypes,
  author = {Walker, David},
  title = {Substructural Type Systems},
  editor = {Pierce, Benjamin C.},
  booktitle = {Advanced Topics in Types and Programming Languages},
  publisher = {MIT Press},
  address = {Cambridge, MA, USA},
  year = {2005},
  pages = {3--44},
  chapter = {1},
}

@misc{RustLang,
 author = {{The Rust Project Developers}},
 title = {The Rust Programming Language},
 year = 2018,
 howpublished = {\url{https://doc.rust-lang.org/book/second-edition/}},
 note = {Accessed March 20, 2018}
}

@misc{MLton,
 author = {Fluet, Matthew},
 title = {MLton},
 year = 2018,
 howpublished = {\url{http://mlton.org/Home}},
 note = {Accessed March 20, 2018}
}

@article{RustBelt,
 author = {Jung, Ralf and Jourdan, Jacques-Henri and Krebbers, Robbert and Dreyer, Derek},
 title = {RustBelt: Securing the Foundations of the Rust Programming Language},
 journal = {Proc. ACM Program. Lang.},
 issue_date = {January 2018},
 volume = {2},
 number = {POPL},
 month = dec,
 year = {2017},
 issn = {2475-1421},
 pages = {66:1--66:34},
 articleno = {66},
 numpages = {34},
 url = {http://doi.acm.org/10.1145/3158154},
 doi = {10.1145/3158154},
 acmid = {3158154},
 publisher = {ACM},
 address = {New York, NY, USA},
 keywords = {Rust, concurrency, logical relations, separation logic, type systems},
} 

@inproceedings{Heapviz,
 author = {Aftandilian, Edward E. and Kelley, Sean and Gramazio, Connor and Ricci, Nathan and Su, Sara L. and Guyer, Samuel Z.},
 title = {Heapviz: Interactive Heap Visualization for Program Understanding and Debugging},
 booktitle = {Proceedings of the 5th International Symposium on Software Visualization},
 series = {SOFTVIS '10},
 year = {2010},
 isbn = {978-1-4503-0028-5},
 location = {Salt Lake City, Utah, USA},
 pages = {53--62},
 numpages = {10},
 url = {http://doi.acm.org/10.1145/1879211.1879222},
 doi = {10.1145/1879211.1879222},
 acmid = {1879222},
 publisher = {ACM},
 address = {New York, NY, USA},
 keywords = {debugging, graphs, interactive visualization, program understanding, software visualization},
} 

@inproceedings{SeparationLogic,
 author = {Reynolds, John C.},
 title = {Separation Logic: A Logic for Shared Mutable Data Structures},
 booktitle = {Proceedings of the 17th Annual IEEE Symposium on Logic in Computer Science},
 series = {LICS '02},
 year = {2002},
 isbn = {0-7695-1483-9},
 pages = {55--74},
 numpages = {20},
 url = {http://dl.acm.org/citation.cfm?id=645683.664578},
 acmid = {664578},
 publisher = {IEEE Computer Society},
 address = {Washington, DC, USA},
}

@inproceedings{ShapeAnalysis,
author="Wilhelm, Reinhard and Sagiv, Mooly and Reps, Thomas",
editor="Watt, David A.",
title="Shape Analysis",
booktitle="Compiler Construction",
year="2000",
publisher="Springer Berlin Heidelberg",
address="Berlin, Heidelberg",
pages="1--17",
isbn="978-3-540-46423-5"
}

@inproceedings{DynamicSpaceLimits,
 author = {Yang, Edward Z. and Mazi\`{e}res, David},
 title = {Dynamic Space Limits for Haskell},
 booktitle = {Proceedings of the 35th ACM SIGPLAN Conference on Programming Language Design and Implementation},
 series = {PLDI '14},
 year = {2014},
 isbn = {978-1-4503-2784-8},
 location = {Edinburgh, United Kingdom},
 pages = {588--598},
 numpages = {11},
 url = {http://doi.acm.org/10.1145/2594291.2594341},
 doi = {10.1145/2594291.2594341},
 acmid = {2594341},
 publisher = {ACM},
 address = {New York, NY, USA},
 keywords = {Haskell, fault tolerance, profiling, resource limits},
}

@inproceedings{Autobahn,
 author = {Wang, Yisu Remy and Nunez, Diogenes and Fisher, Kathleen},
 title = {Autobahn: Using Genetic Algorithms to Infer Strictness Annotations},
 booktitle = {Proceedings of the 9th International Symposium on Haskell},
 series = {Haskell 2016},
 year = {2016},
 isbn = {978-1-4503-4434-0},
 location = {Nara, Japan},
 pages = {114--126},
 numpages = {13},
 url = {http://doi.acm.org/10.1145/2976002.2976009},
 doi = {10.1145/2976002.2976009},
 acmid = {2976009},
 publisher = {ACM},
 address = {New York, NY, USA},
 keywords = {Haskell, genetic algorithms, laziness, strictness annotations},
}

@article{LamportClock,
 author = {Lamport, Leslie},
 title = {Time, Clocks, and the Ordering of Events in a Distributed System},
 journal = {Commun. ACM},
 issue_date = {July 1978},
 volume = {21},
 number = {7},
 month = jul,
 year = {1978},
 issn = {0001-0782},
 pages = {558--565},
 numpages = {8},
 url = {http://doi.acm.org/10.1145/359545.359563},
 doi = {10.1145/359545.359563},
 acmid = {359563},
 publisher = {ACM},
 address = {New York, NY, USA},
 keywords = {clock synchronization, computer networks, distributed systems, multiprocess systems},
} 

@article{VectorClock,
 author = {Fidge, Colin},
 title = {Logical Time in Distributed Computing Systems},
 journal = {Computer},
 issue_date = {August 1991},
 volume = {24},
 number = {8},
 month = aug,
 year = {1991},
 issn = {0018-9162},
 pages = {28--33},
 numpages = {6},
 url = {http://dx.doi.org/10.1109/2.84874},
 doi = {10.1109/2.84874},
 acmid = {112860},
 publisher = {IEEE Computer Society Press},
 address = {Los Alamitos, CA, USA},
} 

@inproceedings{Pacer,
 author = {Bond, Michael D. and Coons, Katherine E. and McKinley, Kathryn S.},
 title = {PACER: Proportional Detection of Data Races},
 booktitle = {Proceedings of the 31st ACM SIGPLAN Conference on Programming Language Design and Implementation},
 series = {PLDI '10},
 year = {2010},
 isbn = {978-1-4503-0019-3},
 location = {Toronto, Ontario, Canada},
 pages = {255--268},
 numpages = {14},
 url = {http://doi.acm.org/10.1145/1806596.1806626},
 doi = {10.1145/1806596.1806626},
 acmid = {1806626},
 publisher = {ACM},
 address = {New York, NY, USA},
 keywords = {bugs, concurrency, data races, sampling},
}

@article{LiberateProgramming,
 author = {Backus, John},
 title = {Can Programming Be Liberated from the Von Neumann Style?: A Functional Style and Its Algebra of Programs},
 journal = {Commun. ACM},
 issue_date = {Aug. 1978},
 volume = {21},
 number = {8},
 month = aug,
 year = {1978},
 issn = {0001-0782},
 pages = {613--641},
 numpages = {29},
 url = {http://doi.acm.org/10.1145/359576.359579},
 doi = {10.1145/359576.359579},
 acmid = {359579},
 publisher = {ACM},
 address = {New York, NY, USA},
 keywords = {algebra of programs, applicative computing systems, applicative state transition systems, combining forms, functional forms, functional programming, metacomposition, models of computing systems, program correctness, program termination, program transformation, programming languages, von Neumann computers, von Neumann languages},
} 

@inproceedings{LazyEval,
  author = {Friedman, Daniel P. and Wise, David S.},
  title = {{CONS} should not evaluate its arguments},
  booktitle = {Automata, Languages, and Programming},
  series = {ICALP '76},
  year = {1976},
  location = {Edinburgh, Scotland, United Kingdom},
  pages = {256--284},
  numpages = {26},
  url = {https://www.cs.indiana.edu/pub/techreports/TR44.pdf},
  publisher = {Edinburgh University Press},
  address = {Edinburgh, Scotland, United Kingdom},
}

@article{Haskell,
 author = {Hudak, Paul and Peyton Jones, Simon and Wadler, Philip and Boutel, Brian and Fairbairn, Jon and Fasel, Joseph and Guzm\'{a}n, Mar\'{\i}a M. and Hammond, Kevin and Hughes, John and Johnsson, Thomas and Kieburtz, Dick and Nikhil, Rishiyur and Partain, Will and Peterson, John},
 title = {Report on the Programming Language Haskell: A Non-strict, Purely Functional Language Version 1.2},
 journal = {SIGPLAN Not.},
 issue_date = {May 1992},
 volume = {27},
 number = {5},
 month = may,
 year = {1992},
 issn = {0362-1340},
 pages = {1--164},
 numpages = {164},
 url = {http://doi.acm.org/10.1145/130697.130699},
 doi = {10.1145/130697.130699},
 acmid = {130699},
 publisher = {ACM},
 address = {New York, NY, USA},
}

@inproceedings{MerlinSIGMETRICS,
 author = {Hertz, Matthew and Blackburn, Stephen M and Moss, J Eliot B and McKinley, Kathryn S. and Stefanovi\'{c}, Darko},
 title = {Error-free Garbage Collection Traces: How to Cheat and Not Get Caught},
 booktitle = {Proceedings of the 2002 ACM SIGMETRICS International Conference on Measurement and Modeling of Computer Systems},
 series = {SIGMETRICS '02},
 year = {2002},
 isbn = {1-58113-531-9},
 location = {Marina Del Rey, California},
 pages = {140--151},
 numpages = {12},
 url = {http://doi.acm.org/10.1145/511334.511352},
 doi = {10.1145/511334.511352},
 acmid = {511352},
 publisher = {ACM},
 address = {New York, NY, USA},
} 