@article{Merlin,
 author = {Hertz, Matthew and Blackburn, Stephen M. and Moss, J. Eliot B. and McKinley, Kathryn S. and Stefanovi\'{c}, Darko},
 title = {{Generating Object Lifetime Traces with Merlin}},
 journal = {ACM Trans. Program. Lang. Syst.},
 issue_date = {May 2006},
 volume = {28},
 number = {3},
 month = may,
 year = {2006},
 issn = {0164-0925},
 pages = {476--516},
 numpages = {41},
 url = {http://doi.acm.org/10.1145/1133651.1133654},
 doi = {10.1145/1133651.1133654},
 acmid = {1133654},
 publisher = {ACM},
 address = {New York, NY, USA},
 keywords = {Garbage collection, object lifetime analysis, trace design, trace generation},
}

@inproceedings{MerlinSIGMETRICS,
 author = {Hertz, Matthew and Blackburn, Stephen M and Moss, J Eliot B and McKinley, Kathryn S. and Stefanovi\'{c}, Darko},
 title = {{Error-free Garbage Collection Traces: How to Cheat and Not Get Caught}},
 booktitle = {Proceedings of the 2002 ACM SIGMETRICS International Conference on Measurement and Modeling of Computer Systems},
 series = {SIGMETRICS '02},
 year = {2002},
 isbn = {1-58113-531-9},
 location = {Marina Del Rey, California},
 pages = {140--151},
 numpages = {12},
 url = {http://doi.acm.org/10.1145/511334.511352},
 doi = {10.1145/511334.511352},
 acmid = {511352},
 publisher = {ACM},
 address = {New York, NY, USA},
} 

@inproceedings{Garbology,
 author = {Veroy, Raoul L. and Guyer, Samuel Z.},
 title = {{Garbology: A Study of How Java Objects Die}},
 booktitle = {Proceedings of the 2017 ACM SIGPLAN International Symposium on New Ideas, New Paradigms, and Reflections on Programming and Software},
 series = {Onward! 2017},
 year = {2017},
 isbn = {978-1-4503-5530-8},
 location = {Vancouver, BC, Canada},
 pages = {168--179},
 numpages = {12},
 url = {http://doi.acm.org/10.1145/3133850.3133854},
 doi = {10.1145/3133850.3133854},
 acmid = {3133854},
 publisher = {ACM},
 address = {New York, NY, USA},
 keywords = {Dynamic analysis, Java, Memory management},
}

@inproceedings{MemInsight,
 author = {Jensen, Simon Holm and Sridharan, Manu and Sen, Koushik and Chandra, Satish},
 title = {{MemInsight: Platform-independent Memory Debugging for JavaScript}},
 booktitle = {Proceedings of the 2015 10th Joint Meeting on Foundations of Software Engineering},
 series = {ESEC/FSE 2015},
 year = {2015},
 isbn = {978-1-4503-3675-8},
 location = {Bergamo, Italy},
 pages = {345--356},
 numpages = {12},
 url = {http://doi.acm.org/10.1145/2786805.2786860},
 doi = {10.1145/2786805.2786860},
 acmid = {2786860},
 publisher = {ACM},
 address = {New York, NY, USA},
 keywords = {Memory profiling, leak detection},
} 

@inproceedings{JNIF,
 author = {Mastrangelo, Luis and Hauswirth, Matthias},
 title = {JNIF: Java Native Instrumentation Framework},
 booktitle = {Proceedings of the 2014 International Conference on Principles and Practices of Programming on the Java Platform: Virtual Machines, Languages, and Tools},
 series = {PPPJ '14},
 year = {2014},
 isbn = {978-1-4503-2926-2},
 location = {Cracow, Poland},
 pages = {194--199},
 numpages = {6},
 url = {http://doi.acm.org/10.1145/2647508.2647516},
 doi = {10.1145/2647508.2647516},
 acmid = {2647516},
 publisher = {ACM},
 address = {New York, NY, USA},
 keywords = {Java, bytecode instrumentation, program analysis},
}

@inproceedings{ElephantTracks,
 author = {Ricci, Nathan P. and Guyer, Samuel Z. and Moss, J. Eliot B.},
 title = {Elephant Tracks: Portable Production of Complete and Precise GC Traces},
 booktitle = {Proceedings of the 2013 International Symposium on Memory Management},
 series = {ISMM '13},
 year = {2013},
 isbn = {978-1-4503-2100-6},
 location = {Seattle, Washington, USA},
 pages = {109--118},
 numpages = {10},
 url = {http://doi.acm.org/10.1145/2464157.2466484},
 doi = {10.1145/2464157.2466484},
 acmid = {2466484},
 publisher = {ACM},
 address = {New York, NY, USA},
 keywords = {garbage collection, java, merlin algorithm, traces},
}